
@article{hipsey_general_2019,
	title = {A {General} {Lake} {Model} ({GLM} 3.0) for linking with high-frequency sensor data from the {Global} {Lake} {Ecological} {Observatory} {Network} ({GLEON})},
	volume = {12},
	doi = {10.5194/gmd-12-473-2019},
	number = {1},
	journal = {Geoscientific Model Development},
	author = {Hipsey, M. R. and Bruce, L. C. and Boon, C. and Busch, B. and Carey, C. C. and Hamilton, D. P. and Hanson, P. C. and Read, J. S. and de Sousa, E. and Weber, M. and Winslow, L. A.},
	year = {2019},
	pages = {473--523}
}

@article{goudsmit_application_2002,
	title = {Application of k-ϵ turbulence models to enclosed basins: {The} role of internal seiches},
	volume = {107},
	issn = {2156-2202},
	shorttitle = {Application of k-ϵ turbulence models to enclosed basins},
	doi = {10.1029/2001JC000954},
	language = {en},
	number = {C12},
	journal = {Journal of Geophysical Research: Oceans},
	author = {Goudsmit, G.-H. and Burchard, H. and Peeters, F. and Wüest, A.},
	year = {2002},
	note = {\_eprint: https://agupubs.onlinelibrary.wiley.com/doi/pdf/10.1029/2001JC000954},
	pages = {23--1--23--13}
}

@article{burchard_description_2006,
	series = {Workshop on {Future} {Directions} in {Modelling} {Physical}-{Biological} {Interactions} ({WKFDPBI})},
	title = {Description of a flexible and extendable physical–biogeochemical model system for the water column},
	volume = {61},
	issn = {0924-7963},
	doi = {10.1016/j.jmarsys.2005.04.011},
	language = {en},
	number = {3},
	journal = {Journal of Marine Systems},
	author = {Burchard, Hans and Bolding, Karsten and Kühn, Wilfried and Meister, Andreas and Neumann, Thomas and Umlauf, Lars},
	month = jul,
	year = {2006},
	pages = {180--211}
}

@article{mironov_implementation_2010,
	title = {Implementation of the lake parameterisation scheme {FLake} into the numerical weather prediction model {COSMO}},
	volume = {15},
	url = {https://helda.helsinki.fi/handle/10138/233087},
	language = {en},
	author = {Mironov, Dmitrii and Heise, Erdmann and Kourzeneva, Ekaterina and Ritter, Bodo and Schneider, Natalia and Terzhevik, Arkady},
	year = {2010},
	pages = {13}
}

@article{saloranta_mylakemulti_year_2007,
	series = {Uncertainty in {Ecological} {Models}},
	title = {{MyLake}—{A} multi-year lake simulation model code suitable for uncertainty and sensitivity analysis simulations},
	volume = {207},
	issn = {0304-3800},
	doi = {10.1016/j.ecolmodel.2007.03.018},
	language = {en},
	number = {1},
	journal = {Ecological Modelling},
	author = {Saloranta, Tuomo M. and Andersen, Tom},
	month = sep,
	year = {2007},
	pages = {45--60}
}
